@Article{BarrettLiu1993,
  AUTHOR    = {J. Barrett and W. Liu},
  TITLE     = {Finite element approximation of the $p$-{L}aplacian},
  JOURNAL   = {Mathematics of Computation},
  VOLUME    = {61},
  NUMBER    = {204},
  PAGES     = {523--537},
  YEAR      = {1993},
}

@Book{Braess2007,
  AUTHOR    = {D. Braess},
  TITLE     = {Finite {E}lements: {T}heory, {F}ast {S}olvers, and
               {A}pplications in {E}lasticity {T}heory},
  EDITION   = {3rd},
  PUBLISHER = {Cambridge University Press},
  YEAR      = {2007}
}

@Article{Brandt1977,
  author={A. Brandt},
  title={Multi-level adaptive solutions to boundary-value problems},
  journal={Math. Comput.},
  volume={31},
  number={138},
  pages={333--390},
  year={1977}
}

@Article{BrandtCryer1983,
  AUTHOR    = {A. Brandt and C. Cryer},
  TITLE     = {Multigrid algorithms for the solution of linear complementarity
               problems arising from free boundary problems},
  JOURNAL   = {SIAM J. Sci. Stat. Comput.},
  VOLUME    = {4},
  NUMBER    = {4},
  PAGES     = {655--684},
  YEAR      = {1983},
}

@Book{BrandtLivne2011,
  AUTHOR    = {A. Brandt and O. Livne},
  TITLE     = {{Multigrid Techniques: 1984 Guide with Applications to
                Fluid Dynamics}},
  EDITION   = {revised},
  PUBLISHER = {SIAM Press},
  ADDRESS   = {Philadelphia},
  YEAR      = {2011}
}

@Article{Bratu1914,
  AUTHOR    = {G. Bratu},
  TITLE     = {Sur les {\'e}quation int{\'e}grales non lin{\'e}aires},
  JOURNAL   = {Bull. Soc. Math. France},
  VOLUME    = {42},
  PAGES     = {113--142},
  YEAR      = {1914},
}

@Book{Briggsetal2000,
  AUTHOR    = {W. Briggs and V. E. Henson and S. McCormick},
  TITLE     = {A {M}ultigrid {T}utorial},
  EDITION   = {2nd},
  PUBLISHER = {SIAM Press},
  ADDRESS   = {Philadelphia},
  YEAR      = {2000}
}

@Article{BrownSmithAhmadia2013,
  AUTHOR    = {J. Brown and B. Smith and A. Ahmadia},
  TITLE     = {Achieving textbook multigrid efficiency for hydrostatic
               ice sheet flow},
  JOURNAL   = {SIAM J. Sci. Comp.},
  VOLUME    = {35},
  NUMBER    = {2},
  PAGES     = {359--375},
  YEAR      = {2013},
}

@Book{Bueler2021,
  AUTHOR    = {E. Bueler},
  TITLE     = {{PETSc} for {P}artial {D}ifferential {E}quations: {N}umerical {S}olutions in {C} and {P}ython},
  PUBLISHER = {SIAM Press},
  ADDRESS   = {Philadelphia},
  YEAR      = {2021}
}

@Book{Elmanetal2014,
  AUTHOR    = {H. C. Elman and D. J. Silvester and A. J. Wathen},
  TITLE     = {Finite {E}lements and {F}ast {I}terative {S}olvers: with
               {A}pplications in {I}ncompressible {F}luid {D}ynamics},
  EDITION   = {2nd},
  PUBLISHER = {Oxford University Press},
  ADDRESS   = {Oxford, UK},
  YEAR      = {2014},
}

@InCollection{Evans2007,
  AUTHOR    = {L. C. Evans},
  TITLE     = {The $1$-{L}aplacian, the $\infty$-{L}aplacian and differential games},
  BOOKTITLE = {Perspectives in {N}onlinear {P}artial {D}ifferential {E}quations},
  SERIES    = {Contemporary Mathematics},
  VOLUME    = {446},
  PUBLISHER = {American Mathematical Society},
  PAGES     = {245--254},
  YEAR      = {2007},
}

@Book{Evans2010,
  AUTHOR    = {L. C. Evans},
  TITLE     = {Partial {D}ifferential {E}quations},
  SERIES    = {Graduate Studies in Mathematics},
  PUBLISHER = {American Mathematical Society},
  ADDRESS   = {Providence},
  EDITION   = {2nd},
  YEAR      = {2010},
}

@Book{FrankKameneckij1955,
  author={D. A. Frank-Kameneckij},
  title={Diffusion and {H}eat {E}xchange in {C}hemical {K}inetics},
  year={1955},
  note={translated by N. Thon},
  publisher={Princeton University Press},
}

@Article{GraeserKornhuber2009,
  AUTHOR    = {C. Gr{\"a}ser and R. Kornhuber},
  TITLE     = {Multigrid methods for obstacle problems},
  JOURNAL   = {J. Comput. Math.},
  PAGES     = {1--44},
  YEAR      = {2009},
}

@Book{Greenbaum1997,
  AUTHOR    = {A. Greenbaum},
  TITLE     = {Iterative {M}ethods for {S}olving {L}inear {S}ystems},
  PUBLISHER = {SIAM Press},
  ADDRESS   = {Philadelphia},
  YEAR      = {1997},
}

@Article{Harrisetal2020,
 title         = {Array programming with {NumPy}},
 author        = {C. R. Harris and others},
 year          = {2020},
 journal       = {Nature},
 volume        = {585},
 number        = {7825},
 pages         = {357--362},
 doi           = {10.1038/s41586-020-2649-2},
 url           = {https://doi.org/10.1038/s41586-020-2649-2}
}

@Article{Liouville1853,
  AUTHOR    = {J. Liouville},
  TITLE     = {Sur l{\'e}quation aux diff{\'e}rences partielles
               $\frac{d^2 \log \lambda}{dudv} \pm \frac{\lambda}{2a^2} = 0$},
  JOURNAL   = {Journal de Math{\'e}matiques Pures et Appliqu{\'e}es},
  VOLUME    = {18},
  PAGES     = {71--72},
  YEAR      = {1853},
}

@Book{Loggetal2012,
  EDITOR    = {A. Logg and K.-A. Mardal and G. N. Wells},
  TITLE     = {{Automated Solution of Differential Equations by the Finite
                Element Method}},
  PUBLISHER = {Springer},
  ADDRESS   = {Heidelberg},
  YEAR      = {2012},
}

@Article{Rathgeberetal2016,
  AUTHOR    = {F. Rathgeber and others},
  TITLE     = {Firedrake: automating the finite element method by composing
               abstractions},
  JOURNAL   = {ACM Trans. Math. Softw.},
  VOLUME    = {43},
  NUMBER    = {3},
  PAGES     = {24:1--24:27},
  YEAR      = {2016},
}

@Book{TrefethenBau1997,
  AUTHOR    = {L. N. Trefethen and D. Bau},
  TITLE     = {Numerical {L}inear {A}lgebra},
  PUBLISHER = {SIAM Press},
  ADDRESS   = {Philadelphia},
  YEAR      = {1997},
}

@Book{Trottenbergetal2001,
  AUTHOR    = {U. Trottenberg and C. W. Oosterlee and A. Schuller},
  TITLE     = {Multigrid},
  PUBLISHER = {Elsevier},
  ADDRESS   = {Oxford, UK},
  YEAR      = {2001},
}
