@Article{Alnaesetal2014,
 author = {Aln{\ae}s, Martin S. and Logg, Anders and Olgaard, Kristian B. and Rognes, Marie E. and Wells, Garth N.},
 title = {Unified Form Language: A Domain-specific Language for Weak Formulations of Partial Differential Equations},
 journal = {ACM Trans. Math. Softw.},
 volume = {40},
 number = {2},
 year = {2014},
 pages = {9:1--9:37},
}

@Article{Aschwandenetal2012,
  author	= {A. Aschwanden and E. Bueler and C. Khroulev and H.
		  Blatter},
  title		= {An enthalpy formulation for glaciers and ice sheets},
  journal	= {J. Glaciol.},
  volume	= {58},
  number	= {209},
  year		= {2012},
  pages		= {441--457},
}

@TechReport{Balayetal2020,
  Author = {S. Balay and S. Abhyankar and M. Adams and J. Brown and P. Brune and K. Buschelman and L. Dalcin and A. Dener and V. Eijkhout and W. Gropp and D. Karpeyev and D. Kaushik and M. Knepley and D. May and L. Curfman McInnes and R. Mills and T. Munson and K. Rupp and P. Sanan and B. Smith and S. Zampini and H. Zhang and H. Zhang},
  Title = {{PETS}c {U}sers {M}anual},
  Number = {ANL-95/11 - Revision 3.13},
  Institution = {Argonne National Laboratory},
  Year = {2020}
}

@Article{BarrettLiu1993,
  AUTHOR    = {J. Barrett and W. Liu},
  TITLE     = {Finite element approximation of the $p$-{L}aplacian},
  JOURNAL   = {Mathematics of Computation},
  VOLUME    = {61},
  NUMBER    = {204},
  PAGES     = {523--537},
  YEAR      = {1993},
}

@Article{Blumetal2004,
  author={Blum, H and Braess, D and Suttmeier, FT},
  title={A cascadic multigrid algorithm for variational inequalities},
  journal={Computing and Visualization in Science},
  volume={7},
  number={3},
  pages={153--157},
  year={2004},
}

@Book{Braess2007,
  AUTHOR    = {D. Braess},
  TITLE     = {Finite {E}lements: {T}heory, {F}ast {S}olvers, and
               {A}pplications in {E}lasticity {T}heory},
  EDITION   = {3rd},
  PUBLISHER = {Cambridge University Press},
  YEAR      = {2007}
}

@Article{BraessHackbusch1983,
  author={D. Braess and W. Hackbusch},
  title={A new convergence proof for the multigrid method including the {V}-cycle},
  journal={SIAM J. Numer. Anal.},
  volume={20},
  number={5},
  pages={967--975},
  year={1983},
}

@Article{BrandtCryer1983,
  AUTHOR    = {A. Brandt and C. Cryer},
  TITLE     = {Multigrid algorithms for the solution of linear complementarity
               problems arising from free boundary problems},
  JOURNAL   = {SIAM J. Sci. Stat. Comput.},
  VOLUME    = {4},
  NUMBER    = {4},
  PAGES     = {655--684},
  YEAR      = {1983},
}

@Book{Briggsetal2000,
  AUTHOR    = {W. Briggs and V. E. Henson and S. McCormick},
  TITLE     = {A {M}ultigrid {T}utorial},
  EDITION   = {2nd},
  PUBLISHER = {SIAM Press},
  ADDRESS   = {Philadelphia},
  YEAR      = {2000}
}

@Article{BrownSmithAhmadia2013,
  AUTHOR    = {J. Brown and B. Smith and A. Ahmadia},
  TITLE     = {Achieving textbook multigrid efficiency for hydrostatic
               ice sheet flow},
  JOURNAL   = {SIAM J. Sci. Comp.},
  VOLUME    = {35},
  NUMBER    = {2},
  PAGES     = {359--375},
  YEAR      = {2013},
}

@Article{Bueler2016,
  author   = {E. Bueler},
  title    = {Stable finite volume element schemes for the shallow ice approximation},
  journal  = {J. Glaciol.},
  volume   = {62},
  number   = {232},
  pages    = {230--242},
  year     = {2016},
}

@Unpublished{Bueler2020,
  author   = {E. Bueler},
  title    = {Conservation laws for free-boundary fluid layers},
  url      = {https://arxiv.org/abs/2007.05625},
  note     = {\href{https://arxiv.org/abs/2007.05625}{\texttt{arxiv.org/abs/2007.05625}}},
  year     = {2020},
}

@Book{Bueler2021,
  AUTHOR    = {E. Bueler},
  TITLE     = {{PETSc} for {P}artial {D}ifferential {E}quations: {N}umerical {S}olutions in {C} and {P}ython},
  PUBLISHER = {SIAM Press},
  ADDRESS   = {Philadelphia},
  YEAR      = {2021}
}

@Article{Bueleretal2005,
  author	= {E. Bueler and C. S. Lingle and J. A. Kallen-Brown and D.
		       N. Covey and L. N. Bowman},
  title		= {Exact solutions and verification of numerical models for isothermal
		       ice sheets},
  journal	= {J. Glaciol.},
  volume	= {51},
  number	= {173},
  pages		= {291--306},
  year		= {2005},
}

@Article{Brinkerhoffetal2017,
  author    = {D. Brinkerhoff and M. Truffer and A. Aschwanden},
  title	    = {Sediment transport drives tidewater glacier periodicity},
  journal	= {Nature Commun.},
  volume    = {8},
  number    = {90},
  year		= {2017},
}

@Article{Calvoetal2002,
  author  = {N. Calvo and others},
  title   = {On a doubly nonlinear parabolic obstacle problem modelling
             ice sheet dynamics},
  year    = {2002},
  journal = {SIAM J. Appl. Math.},
  volume  = {63},
  number  = {2},
  pages   = {683--707},
}

@Book{Ciarlet2002,
  AUTHOR    = {P. Ciarlet},
  TITLE     = {The {F}inite {E}lement {M}ethod for {E}lliptic {P}roblems},
  NOTE      = {Reprint of the 1978 original},
  PUBLISHER = {SIAM Press},
  ADDRESS   = {Philadelphia},
  YEAR      = {2002},
}

@Book{Elmanetal2014,
  AUTHOR    = {H. C. Elman and D. J. Silvester and A. J. Wathen},
  TITLE     = {Finite {E}lements and {F}ast {I}terative {S}olvers: with
               {A}pplications in {I}ncompressible {F}luid {D}ynamics},
  EDITION   = {2nd},
  PUBLISHER = {Oxford University Press},
  ADDRESS   = {Oxford, UK},
  YEAR      = {2014},
}

@Book{Evans2010,
  AUTHOR    = {L. C. Evans},
  TITLE     = {Partial {D}ifferential {E}quations},
  SERIES    = {Graduate Studies in Mathematics},
  PUBLISHER = {American Mathematical Society},
  ADDRESS   = {Providence},
  EDITION   = {2nd},
  YEAR      = {2010},
}

@Unpublished{Farrelletal2019,
  title  = {{PCPATCH}: {S}oftware for the topological construction of multigrid relaxation methods},
  author = {Farrell, P. E. and Knepley, M. G. and Mitchell, L. and Wechsung, F.},
  url    = {https://arxiv.org/abs/1912.08516},
  note   = {\href{https://arxiv.org/abs/1912.08516}{\texttt{arxiv.org/abs/1912.08516}}},
  year   = {2019}
}

@Book{Fowler1997,
  AUTHOR    = {A. C. Fowler},
  TITLE     = {Mathematical {M}odels in the {A}pplied {S}ciences},
  PUBLISHER = {Cambridge Univ. Press},
  ADDRESS   = {Cambridge, UK},
  YEAR      = {1997},
}

@Article{GeuzaineRemacle2009,
  title={{G}msh: {A} 3-{D} finite element mesh generator with built-in pre-and post-processing facilities},
  author={Geuzaine, Christophe and Remacle, Jean-Fran{\c{c}}ois},
  journal={Int. J. Numer. Meth. Eng.},
  fjournal={International Journal for Numerical Methods in Engineering},
  volume={79},
  number={11},
  pages={1309--1331},
  year={2009},
}

@Book{Gibsonetal2019,
  AUTHOR    = {T. H. Gibson and A. T. T. McRae and C. J. Cotter and L. Mitchell and D. A. Ham},
  TITLE     = {{Compatible Finite Element Methods for Geophysical Flows}},
  PUBLISHER = {Springer Nature},
  ADDRESS   = {Switzerland},
  YEAR      = {2019},
}

@Article{GraeserKornhuber2009,
  AUTHOR    = {C. Gr{\"a}ser and R. Kornhuber},
  TITLE     = {Multigrid methods for obstacle problems},
  JOURNAL   = {J. Comput. Math.},
  PAGES     = {1--44},
  YEAR      = {2009},
}

@Book{Greenbaum1997,
  AUTHOR    = {A. Greenbaum},
  TITLE     = {Iterative {M}ethods for {S}olving {L}inear {S}ystems},
  PUBLISHER = {SIAM Press},
  ADDRESS   = {Philadelphia},
  YEAR      = {1997},
}

@Book{GreveBlatter2009,
  AUTHOR    = {R. Greve and H. Blatter},
  TITLE     = {Dynamics of {I}ce {S}heets and {G}laciers},
  SERIES    = {Advances in Geophysical and Environmental Mechanics and
               Mathematics},
  PUBLISHER = {Springer},
  ADDRESS   = {Berlin, Germany},
  YEAR      = {2009},
}

@Article{Halfar1981,
  title={On the dynamics of the ice sheets},
  author={Halfar, P.},
  journal={J. Geophys. Res.: Oceans},
  volume={86},
  number={C11},
  pages={11065--11072},
  year={1981},
}

@Article{Hoffmanetal2018,
AUTHOR = {Hoffman, M. J. and Perego, M. and Price, S. F. and Lipscomb, W. H. and Zhang, T. and Jacobsen, D. and Tezaur, I. and Salinger, A. G. and Tuminaro, R. and Bertagna, L.},
TITLE = {{MPAS-Albany Land Ice (MALI)}: a variable-resolution ice sheet model for {E}arth system modeling using {V}oronoi grids},
JOURNAL = {Geosci. Model Dev.},
VOLUME = {11},
YEAR = {2018},
NUMBER = {9},
PAGES = {3747--3780},
DOI = {10.5194/gmd-11-3747-2018}
}

@Article{Huybrechtsetal1996,
  title={The {EISMINT} benchmarks for testing ice-sheet models},
  author={P. Huybrechts and T. Payne and others},
  journal={Ann. Glaciol.},
  volume={23},
  pages={1--12},
  year={1996},
}

@Article{IsaacStadlerGhattas2015,
  title={Solution of nonlinear {S}tokes equations discretized by high-order finite elements on nonconforming and anisotropic meshes, with application to ice sheet dynamics},
  author={Isaac, T. and Stadler, G. and Ghattas, O.},
  journal={SIAM J. Sci. Comput.},
  volume={37},
  number={6},
  pages={B804--B833},
  year={2015},
}

@Book{Johnson2009,
  author={C. Johnson},
  title={Numerical {S}olution of {P}artial {D}ifferential {E}quations
         by the {F}inite {E}lement {M}ethod},
  year={2009},
  publisher={Dover Publications},
}

@Article{JouvetBueler2012,
  author	= {G. Jouvet and E. Bueler},
  title		= {Steady, shallow ice sheets as obstacle problems: well-posedness and finite element approximation},
  journal	= {SIAM J. Appl. Math.},
  volume	= {72},
  number	= {4},
  pages		= {1292--1314},
  year		= {2012},
}

@Article{Jouvetetal2008,
  title={A new algorithm to simulate the dynamics of a glacier: theory and applications},
  author={Jouvet, Guillaume and Picasso, Marco and Rappaz, Jacques and Blatter, Heinz},
  journal={Journal of Glaciology},
  volume={54},
  number={188},
  pages={801--811},
  year={2008},
}

@Article{Jouvetetal2013,
  author={G. Jouvet and E. Bueler and C. Gr{\"a}ser and R. Kornhuber},
  title={A nonsmooth {N}ewton multigrid method for a hybrid, shallow model of marine ice sheets},
  journal={Contemporary Mathematics},
  volume={586},
  pages={197--205},
  url = {http://dx.doi.org/10.1090/conm/586/11657},
  year={2013},
  publisher={American Mathematical Society},
}

@Article{JouvetGraeser2013,
  author={G. Jouvet and C. Gr{\"a}ser},
  title={An adaptive {N}ewton multigrid method for a model of marine ice sheets},
  journal={J. Comput. Physics},
  volume={252},
  pages={419--437},
  year={2013},
}

@Book{Kelley2003,
  AUTHOR    = {Kelley, C.},
  TITLE     = {Solving {N}onlinear {E}quations with {N}ewton's {M}ethod},
  PUBLISHER = {SIAM Press},
  ADDRESS   = {Philadelphia},
  YEAR      = {2003},
}

@Book{KinderlehrerStampacchia1980,
  AUTHOR    = {D. Kinderlehrer and G. Stampacchia},
  TITLE     = {An {I}ntroduction to {V}ariational {I}nequalities and
               their {A}pplications},
  PUBLISHER = {Academic Press},
  ADDRESS   = {New York},
  YEAR      = {1980},
}

@Article {Lengetal2012,
    AUTHOR = {Leng, W. and L. Ju and M. Gunzburger and S. Price and T. Ringler},
     TITLE = {A parallel high-order accurate finite element nonlinear {S}tokes
              ice sheet model and benchmark experiments},
   JOURNAL = {J. Geophys. Res.},
    VOLUME = {117},
      YEAR = {2012},
    NUMBER = {F01001},
       DOI = {10.1029/2011JF00196},
}

@Book{LeVeque2007,
  AUTHOR    = {R. J. LeVeque},
  TITLE     = {{Finite Difference Methods for Ordinary and Partial Differential
                Equations: Steady-State and Time-Dependent Problems}},
  PUBLISHER = {SIAM Press},
  ADDRESS   = {Philadelphia},
  YEAR      = {2007},
}

@Article{McRaeetal2016,
author = {McRae, A. T. T. and Bercea, G.-T. and Mitchell, L. and Ham, D. A. and Cotter, C. J.},
title = {Automated generation and symbolic manipulation of tensor product finite elements},
journal = {SIAM J. Sci. Computing},
volume = {38},
number = {5},
pages = {S25-S47},
year = {2016},
doi = {10.1137/15M1021167},
}

@Book{MortonMayers2005,
  AUTHOR    = {K. W. Morton and D. F. Mayers},
  TITLE     = {Numerical {S}olutions of {P}artial {D}ifferential
               {E}quations: {A}n {I}ntroduction},
  PUBLISHER = {Cambridge University Press},
  ADDRESS   = {Cambridge, UK},
  EDITION   = {2nd},
  YEAR      = {2005},
}

@Article{Neuss1998,
  author={N. Neuss},
  title={V-cycle convergence with unsymmetric smoothers and application to an anisotropic model problem},
  journal={SIAM J. Numer. Anal.},
  volume={35},
  number={3},
  pages={1201--1212},
  year={1998},
}

@Book{Ockendonetal2003,
  AUTHOR    = {J. Ockendon and S. Howison and A. Lacey and S. Movchan},
  TITLE     = {Applied {P}artial {D}ifferential {E}quations},
  PUBLISHER = {Oxford University Press},
  ADDRESS   = {Oxford, UK},
  EDITION   = {revised},
  YEAR      = {2003},
}

@Article{Rathgeberetal2016,
  author =       {Florian Rathgeber and David A. Ham and Lawrence
                  Mitchell and Michael Lange and Fabio Luporini and
                  Andrew T. T. McRae and Gheorghe-Teodor Bercea and
                  Graham R. Markall and Paul H. J. Kelly},
  title =        {Firedrake: automating the finite element method by
                  composing abstractions},
  journal =      {ACM Trans. Math. Softw.},
  volume =       {43},
  number =       {3},
  year =         {2016},
  pages =        {24:1--24:27},
}

@Article {SchoofHewitt2013,
  AUTHOR    = {C. Schoof and I. J. Hewitt},
  TITLE     = {Ice-sheet dynamics},
  JOURNAL   = {Annu. Rev. Fluid Mech.},
  VOLUME    = {45},
  PAGES     = {217--239},
  YEAR      = {2013},
}

@article{Tai2003,
  author={Tai, X.-C.},
  title={Rate of convergence for some constraint decomposition methods for nonlinear variational inequalities},
  journal={Numer. Math.},
  volume={93},
  number={4},
  pages={755--786},
  year={2003},
}

@Book{Trottenbergetal2001,
  AUTHOR    = {U. Trottenberg and C. W. Oosterlee and A. Schuller},
  TITLE     = {Multigrid},
  PUBLISHER = {Elsevier},
  ADDRESS   = {Oxford, UK},
  YEAR      = {2001},
}

@Article{Tuminaroetal2016,
  title={A matrix dependent/algebraic multigrid approach for extruded meshes with applications to ice sheet modeling},
  author={Tuminaro, R. and Perego, M. and Tezaur, I. and Salinger, A. and Price, S.},
  journal={SIAM J. Sci. Computing},
  volume={38},
  number={5},
  pages={C504--C532},
  year={2016},
}

@Book{vanderVeen2013,
  AUTHOR    = {C. van der Veen},
  TITLE     = {Fundamentals of {G}lacier {D}ynamics},
  EDITION   = {2nd},
  PUBLISHER = {CRC Press},
  YEAR      = {2013},
}

@Article{Winkelmannetal2011,
AUTHOR = {Winkelmann, R. and Martin, M. A. and Haseloff, M. and Albrecht, T. and Bueler, E. and Khroulev, C. and Levermann, A.},
TITLE = {The {P}otsdam {P}arallel {I}ce {S}heet {M}odel ({PISM-PIK}) {P}art 1: {M}odel description},
JOURNAL = {The Cryosphere},
VOLUME = {5},
YEAR = {2011},
PAGES = {715--726},
}

@Article{WirbelJarosch2020,
AUTHOR = {Wirbel, A. and Jarosch, A. H.},
TITLE = {Inequality-constrained free-surface evolution in a full {S}tokes ice flow model (\textit{evolve\_glacier v1.1})},
JOURNAL = {Geoscientific Model Development},
VOLUME = {13},
YEAR = {2020},
NUMBER = {12},
PAGES = {6425--6445},
DOI = {10.5194/gmd-13-6425-2020}
}

@Article{Xu1992,
  author={Xu, J.},
  title={Iterative methods by space decomposition and subspace correction},
  journal={SIAM Rev.},
  volume={34},
  number={4},
  pages={581--613},
  year={1992},
}
