@Article{Brandt1977,
  author={A. Brandt},
  title={Multi-level adaptive solutions to boundary-value problems},
  journal={Math. Comput.},
  volume={31},
  number={138},
  pages={333--390},
  year={1977}
}

@Article{BrandtCryer1983,
  AUTHOR    = {A. Brandt and C. Cryer},
  TITLE     = {Multigrid algorithms for the solution of linear complementarity
               problems arising from free boundary problems},
  JOURNAL   = {SIAM J. Sci. Stat. Comput.},
  VOLUME    = {4},
  NUMBER    = {4},
  PAGES     = {655--684},
  YEAR      = {1983},
}

@Book{Briggsetal2000,
  AUTHOR    = {W. Briggs and V. E. Henson and S. McCormick},
  TITLE     = {A {M}ultigrid {T}utorial},
  EDITION   = {2nd},
  PUBLISHER = {SIAM Press},
  ADDRESS   = {Philadelphia},
  YEAR      = {2000}
}

@Book{Bueler2021,
  AUTHOR    = {E. Bueler},
  TITLE     = {{PETSc} for {P}artial {D}ifferential {E}quations: {N}umerical {S}olutions in {C} and {P}ython},
  PUBLISHER = {SIAM Press},
  ADDRESS   = {Philadelphia},
  YEAR      = {2021}
}

@Book{Elmanetal2014,
  AUTHOR    = {H. C. Elman and D. J. Silvester and A. J. Wathen},
  TITLE     = {Finite {E}lements and {F}ast {I}terative {S}olvers: with
               {A}pplications in {I}ncompressible {F}luid {D}ynamics},
  EDITION   = {2nd},
  PUBLISHER = {Oxford University Press},
  ADDRESS   = {Oxford, UK},
  YEAR      = {2014},
}

@Book{Evans2010,
  AUTHOR    = {L. C. Evans},
  TITLE     = {Partial {D}ifferential {E}quations},
  SERIES    = {Graduate Studies in Mathematics},
  PUBLISHER = {American Mathematical Society},
  ADDRESS   = {Providence},
  EDITION   = {2nd},
  YEAR      = {2010},
}

@Article{GraeserKornhuber2009,
  AUTHOR    = {C. Gr{\"a}ser and R. Kornhuber},
  TITLE     = {Multigrid methods for obstacle problems},
  JOURNAL   = {J. Comput. Math.},
  PAGES     = {1--44},
  YEAR      = {2009},
}

@Book{Greenbaum1997,
  AUTHOR    = {A. Greenbaum},
  TITLE     = {Iterative {M}ethods for {S}olving {L}inear {S}ystems},
  PUBLISHER = {SIAM Press},
  ADDRESS   = {Philadelphia},
  YEAR      = {1997},
}

@Book{Trottenbergetal2001,
  AUTHOR    = {U. Trottenberg and C. W. Oosterlee and A. Schuller},
  TITLE     = {Multigrid},
  PUBLISHER = {Elsevier},
  ADDRESS   = {Oxford, UK},
  YEAR      = {2001},
}
